<record><leader>00000cas a2200000 a 4500</leader><controlfield tag="001">55103307</controlfield><controlfield tag="006">m     o  d        </controlfield><controlfield tag="007">cr anu||||||||</controlfield><controlfield tag="008">040507d17881788nyuwr nso     0    0eng c</controlfield><datafield ind1=" " ind2=" " tag="010"><subfield code="a">  2007233797</subfield></datafield><datafield ind1=" " ind2=" " tag="040"><subfield code="a">APSON</subfield><subfield code="b">eng</subfield><subfield code="c">APSON</subfield><subfield code="d">OCLCQ</subfield><subfield code="d">APSON</subfield><subfield code="d">AMHNW</subfield><subfield code="d">GUA</subfield><subfield code="d">OCLCQ</subfield><subfield code="d">OCLCF</subfield></datafield><datafield ind1=" " ind2=" " tag="042"><subfield code="a">pcc</subfield></datafield><datafield ind1=" " ind2=" " tag="043"><subfield code="a">n-us-ny</subfield></datafield><datafield ind1="1" ind2="4" tag="050"><subfield code="a">AP2.A2</subfield></datafield><datafield ind1="0" ind2=" " tag="130"><subfield code="a">Impartial gazetteer, and, Saturday evening's post (Online)</subfield></datafield><datafield ind1="1" ind2="4" tag="245"><subfield code="a">The Impartial gazetteer, and, Saturday evening's post</subfield><subfield code="h">[electronic resource].</subfield></datafield><datafield ind1="3" ind2="0" tag="246"><subfield code="a">Saturday evening's post</subfield></datafield><datafield ind1="1" ind2=" " tag="246"><subfield code="i">Issue for Aug. 9, 1788 published as:</subfield><subfield code="a">Impartial gazetteer</subfield></datafield><datafield ind1="1" ind2=" " tag="246"><subfield code="i">Issues for Aug. 16-Sept. 13, 1788 published as:</subfield><subfield code="a">Impartial gazetteer, and Saturday evening post</subfield></datafield><datafield ind1=" " ind2=" " tag="260"><subfield code="a">New York [N.Y.] :</subfield><subfield code="b">Harrison and Purdy,</subfield><subfield code="c">1788.</subfield></datafield><datafield ind1=" " ind2=" " tag="310"><subfield code="a">Weekly</subfield></datafield><datafield ind1="1" ind2=" " tag="362"><subfield code="a">Began with no. 1 (May 17, 1788).</subfield></datafield><datafield ind1="0" ind2=" " tag="362"><subfield code="a">-no. 18 (Sept. 13, 1788).</subfield></datafield><datafield ind1=" " ind2=" " tag="530"><subfield code="a">Also issued in print and microform.</subfield></datafield><datafield ind1=" " ind2=" " tag="538"><subfield code="a">Mode of access: World Wide Web.</subfield></datafield><datafield ind1=" " ind2=" " tag="588"><subfield code="a">Description based on: No. 7 (June 28, 1788); title from pdf caption (ProQuest APS Online, viewed Oct. 31, 2007).</subfield></datafield><datafield ind1=" " ind2="0" tag="651"><subfield code="a">New York (N.Y.)</subfield><subfield code="v">Newspapers.</subfield></datafield><datafield ind1=" " ind2="0" tag="651"><subfield code="a">New York County (N.Y.)</subfield><subfield code="v">Newspapers.</subfield></datafield><datafield ind1=" " ind2="7" tag="655"><subfield code="a">Newspapers.</subfield><subfield code="2">fast</subfield><subfield code="0">(OCoLC)fst01423814</subfield></datafield><datafield ind1=" " ind2="7" tag="651"><subfield code="a">New York (State)</subfield><subfield code="z">New York.</subfield><subfield code="2">fast</subfield><subfield code="0">(OCoLC)fst01204333</subfield></datafield><datafield ind1=" " ind2="7" tag="651"><subfield code="a">New York (State)</subfield><subfield code="z">New York County.</subfield><subfield code="2">fast</subfield><subfield code="0">(OCoLC)fst01234953</subfield></datafield><datafield ind1=" " ind2=" " tag="752"><subfield code="a">United States</subfield><subfield code="b">New York</subfield><subfield code="c">New York</subfield><subfield code="d">New York.</subfield></datafield><datafield ind1="1" ind2=" " tag="776"><subfield code="t">Impartial gazetteer, and, Saturday evening's post</subfield><subfield code="w">(DLC)sn 86053282</subfield><subfield code="w">(OCoLC)13453597</subfield></datafield><datafield ind1="0" ind2="0" tag="785"><subfield code="t">New-York weekly museum (Online)</subfield><subfield code="w">(DLC)  2005255492</subfield><subfield code="w">(OCoLC)58463037</subfield></datafield><datafield ind1="4" ind2="0" tag="856"><subfield code="u">http://proquest.umi.com/pqdweb</subfield></datafield><datafield ind1="4" ind2="0" tag="856"><subfield code="u">http://infoweb.newsbank.com/?db=EANX&amp;s_browseRef=decades/10DBDB68214BAA98/all.xml</subfield></datafield></record>